@article{turing1950,
	author  = {Alan M. Turing},
	title   = {Computing Machinery and Intelligence},
	journal = {Mind},
	volume  = {59},
	number  = {236},
	pages   = {433--460},
	year    = {1950},
	doi     = {10.1093/mind/LIX.236.433},
}

@book{goodfellow2016,
	title     = {Deep Learning},
	author    = {Ian Goodfellow and Yoshua Bengio and Aaron Courville},
	publisher = {MIT Press},
	year      = {2016},
	url       = {http://www.deeplearningbook.org},
}